@inproceedings{liang2006alignment,
  title={Alignment by agreement},
  author={Liang, Percy and Taskar, Ben and Klein, Dan},
  booktitle={Proceedings of the main conference on Human Language Technology Conference of the North American Chapter of the Association of Computational Linguistics},
  pages={104--111},
  year={2006},
  organization={Association for Computational Linguistics}
}
@inproceedings{dyer2013simple,
  title={A simple, fast, and effective reparameterization of ibm model 2},
  author={Dyer, Chris and Chahuneau, Victor and Smith, Noah A},
  booktitle={Proceedings of the 2013 Conference of the North American Chapter of the Association for Computational Linguistics: Human Language Technologies},
  pages={644--648},
  year={2013}
}
@article{srivastava2017autoencoding,
  title={Autoencoding variational inference for topic models},
  author={Srivastava, Akash and Sutton, Charles},
  journal={arXiv preprint arXiv:1703.01488},
  year={2017}
}
@article{kingma2013auto,
  title={Auto-encoding variational bayes},
  author={Kingma, Diederik P and Welling, Max},
  journal={arXiv preprint arXiv:1312.6114},
  year={2013}
}
@article{blei2003lda,
  title={Latent dirichlet allocation},
  author={Blei, David M and Ng, Andrew Y and Jordan, Michael I},
  journal={Journal of Machine Learning Research},
  year={2003}
}