@inproceedings{liang2006alignment,
  title={Alignment by agreement},
  author={Liang, Percy and Taskar, Ben and Klein, Dan},
  booktitle={Proceedings of the main conference on Human Language Technology Conference of the North American Chapter of the Association of Computational Linguistics},
  pages={104--111},
  year={2006},
  organization={Association for Computational Linguistics}
}
@inproceedings{dyer2013simple,
  title={A simple, fast, and effective reparameterization of ibm model 2},
  author={Dyer, Chris and Chahuneau, Victor and Smith, Noah A},
  booktitle={Proceedings of the 2013 Conference of the North American Chapter of the Association for Computational Linguistics: Human Language Technologies},
  pages={644--648},
  year={2013}
}
@article{srivastava2017autoencoding,
  title={Autoencoding variational inference for topic models},
  author={Srivastava, Akash and Sutton, Charles},
  journal={arXiv preprint arXiv:1703.01488},
  year={2017}
}
@article{kingma2013auto,
  title={Auto-encoding variational bayes},
  author={Kingma, Diederik P and Welling, Max},
  journal={arXiv preprint arXiv:1312.6114},
  year={2013}
}
@article{blei2003latent,
  title={Latent Dirichlet Allocation},
  author={Blei, David M and Ng, Andrew Y and Jordan, Michael I},
  journal={Journal of Machine Learning Research},
  volume={3},
  number={Jan},
  pages={993--1022},
  year={2003}
}
@inproceedings{liu2015streaming,
  title={Streaming algorithms for halo finders},
  author={Liu, Zaoxing and Ivkin, Nikita and Yang, Lin and Neyrinck, Mark and
          Lemson, Gerard and Szalay, Alexander and Braverman, Vladimir and
          Budavari, Tamas and Burns, Randal and Wang, Xin},
  booktitle={e-Science, 2015 IEEE 11th International Conference on},
  pages={342--351},
  year={2015},
  organization={IEEE}
}
@article{liu2016neural,
  title={Neural machine translation with supervised attention},
  author={Liu, Lemao and Utiyama, Masao and Finch, Andrew and Sumita, Eiichiro},
  journal={arXiv preprint arXiv:1609.04186},
  year={2016}
}
@inproceedings{hasler2014dynamic,
  title={Dynamic topic adaptation for phrase-based mt},
  author={Hasler, Eva and Blunsom, Phil and Koehn, Philipp and Haddow, Barry},
  booktitle={Proceedings of the 14th Conference of the European Chapter of the Association for Computational Linguistics},
  pages={328--337},
  year={2014}
}
@inproceedings{zhao2006bitam,
  title={BiTAM: Bilingual topic admixture models for word alignment},
  author={Zhao, Bing and Xing, Eric P},
  booktitle={Proceedings of the COLING/ACL on Main conference poster sessions},
  pages={969--976},
  year={2006},
  organization={Association for Computational Linguistics}
}
@article{chen2016guided,
  title={Guided alignment training for topic-aware neural machine translation},
  author={Chen, Wenhu and Matusov, Evgeny and Khadivi, Shahram and Peter, Jan-Thorsten},
  journal={arXiv preprint arXiv:1607.01628},
  year={2016}
}
@article{bahdanau2014neural,
  title={Neural machine translation by jointly learning to align and translate},
  author={Bahdanau, Dzmitry and Cho, Kyunghyun and Bengio, Yoshua},
  journal={arXiv preprint arXiv:1409.0473},
  year={2014}
}
@textbook{koehn2019neural,
  title={Neural Machine Translation},
  author={Philipp Koehn},
  year={2019}
}
@article{doersch2016tutorial,
  title={Tutorial on variational autoencoders},
  author={Doersch, Carl},
  journal={arXiv preprint arXiv:1606.05908},
  year={2016}
}
